@article{haxby2012multivariate,
  title={Multivariate pattern analysis of fMRI: the early beginnings},
  author={Haxby, James V},
  journal={Neuroimage},
  volume={62},
  number={2},
  pages={852--855},
  year={2012},
  publisher={Elsevier}
}

@article{walther2015reliability,
  title={Reliability of dissimilarity measures for multi-voxel pattern analysis},
  author={Walther, Alexander and Nili, Hamed and Ejaz, Naveed and Alink, Arjen and Kriegeskorte, Nikolaus and Diedrichsen, J{\"o}rn},
  journal={NeuroImage},
  year={2015},
  publisher={Elsevier}
}

@article{kornysheva2014human,
  title={Human premotor areas parse sequences into their spatial and temporal features},
  author={Kornysheva, Katja and Diedrichsen, J{\"o}rn},
  journal={Elife},
  volume={3},
  pages={e03043},
  year={2014},
  publisher={eLife Sciences Publications Limited}
}

@book{davis2002statistical,
  title={Statistical methods for the analysis of repeated measurements},
  author={Davis, Charles S},
  year={2002},
  publisher={Springer Science \& Business Media}
}

@article{fox2013hypothesis,
  title={Hypothesis tests for multivariate linear models using the car package},
  author={Fox, John and Friendly, Michael and Weisberg, Sanford},
  journal={R J},
  volume={5},
  number={1},
  pages={39--52},
  year={2013},
  publisher={Citeseer}
}

@article{rao1951asymptotic,
  title={An asymptotic expansion of the distribution of Wilks¡¯ criterion},
  author={Rao, C Radhakrishna},
  journal={Bulletin of the International Statistical Institute},
  volume={33},
  number={Part 2},
  pages={177--180},
  year={1951}
}

@article{allefeld2014searchlight,
  title={Searchlight-based multi-voxel pattern analysis of fMRI by cross-validated MANOVA},
  author={Allefeld, Carsten and Haynes, John-Dylan},
  journal={Neuroimage},
  volume={89},
  pages={345--357},
  year={2014},
  publisher={Elsevier}
}

@article{ogawa1990brain,
  title={Brain magnetic resonance imaging with contrast dependent on blood oxygenation},
  author={Ogawa, Seiji and Lee, Tso-Ming and Kay, Alan R and Tank, David W},
  journal={Proceedings of the National Academy of Sciences},
  volume={87},
  number={24},
  pages={9868--9872},
  year={1990},
  publisher={National Acad Sciences}
}

@article{shmuel2002sustained,
  title={Sustained negative BOLD, blood flow and oxygen consumption response and its coupling to the positive response in the human brain},
  author={Shmuel, Amir and Yacoub, Essa and Pfeuffer, Josef and Van de Moortele, Pierre-Francois and Adriany, Gregor and Hu, Xiaoping and Ugurbil, Kamil},
  journal={Neuron},
  volume={36},
  number={6},
  pages={1195--1210},
  year={2002},
  publisher={Elsevier}
}

@book{huettel2004functional,
  title={Functional magnetic resonance imaging},
  author={Huettel, Scott A and Song, Allen W and McCarthy, Gregory},
  volume={1},
  year={2004},
  publisher={Sinauer Associates Sunderland}
}


@article{haxby2001distributed,
  title={Distributed and overlapping representations of faces and objects in ventral temporal cortex},
  author={Haxby, James V and Gobbini, M Ida and Furey, Maura L and Ishai, Alumit and Schouten, Jennifer L and Pietrini, Pietro},
  journal={Science},
  volume={293},
  number={5539},
  pages={2425--2430},
  year={2001},
  publisher={American Association for the Advancement of Science}
}

@article{kriegeskorte2008representational,
  title={Representational similarity analysis-connecting the branches of systems neuroscience},
  author={Kriegeskorte, Nikolaus and Mur, Marieke and Bandettini, Peter A},
  journal={Frontiers in systems neuroscience},
  volume={2},
  pages={4},
  year={2008},
  publisher={Frontiers}
}

@article{waltherrepresentational,
  title={Representational fMRI analysis: an introductory tutorial},
  author={Walther, Alexander and Ejaz, Naveed and Kriegeskorte, Nikolaus and Diedrichsen, J{\"o}rn and Diedrichsen, J{\"o}rn}
}