@book{davis2002statistical,
  title={Statistical methods for the analysis of repeated measurements},
  author={Davis, Charles S},
  year={2002},
  publisher={Springer Science \& Business Media}
}

@article{fox2013hypothesis,
  title={Hypothesis tests for multivariate linear models using the car package},
  author={Fox, John and Friendly, Michael and Weisberg, Sanford},
  journal={R J},
  volume={5},
  number={1},
  pages={39--52},
  year={2013},
  publisher={Citeseer}
}

@article{rao1951asymptotic,
  title={An asymptotic expansion of the distribution of Wilks¡¯ criterion},
  author={Rao, C Radhakrishna},
  journal={Bulletin of the International Statistical Institute},
  volume={33},
  number={Part 2},
  pages={177--180},
  year={1951}
}

@article{allefeld2014searchlight,
  title={Searchlight-based multi-voxel pattern analysis of fMRI by cross-validated MANOVA},
  author={Allefeld, Carsten and Haynes, John-Dylan},
  journal={Neuroimage},
  volume={89},
  pages={345--357},
  year={2014},
  publisher={Elsevier}
}